% Encoding: UTF-8

@Article{Hyndman1996,
  author  = {Hyndman, R. J. and Fan, Y},
  title   = {Sample quantiles in statistical packages},
  journal = {American Statistician},
  year    = {1996},
  volume  = {50},
  pages   = {361--365},
}

@Article{Scott1979,
  author  = {Scott, D.},
  title   = {On optimal and data-based histograms},
  journal = {Biometrika},
  year    = {1979},
  volume  = {66},
  pages   = {605--610},
}

@Article{FreedmanDiaconis1981,
  author  = {Freedman, D. and Diaconis, P.},
  title   = {On the histogram as a density estimator: $L_2$ theory},
  journal = {Z. Wahrscheinlichkeitstheorie verw. Gebiete},
  year    = {1981},
  volume  = {57},
  pages   = {453--476},
}

@Article{Sturges1926,
  author  = {Sturges, H.},
  title   = {The choice of a class interval},
  journal = {Journal of the American Statistical Association},
  year    = {1926},
  volume  = {65},
}

@Article{JarqueBera1987,
  author  = {Jarque, C. M. and Bera, A. K.},
  title   = {A test for normality of observations and regression residuals},
  journal = {International Statistical Review},
  year    = {1987},
  volume  = {55},
  pages   = {163--172},
}

@Book{Tukey1977,
  title     = {Exploratory data analysis},
  publisher = {Addison-Wesley Publishing Company},
  year      = {1977},
  author    = {Tukey J.},
}

@Book{Johnson1994,
  title     = {Continuous Univariate Distributions},
  publisher = {John Wiley \& Sons, New York},
  year      = {1994},
  author    = {Johnson, N. and Kotz, S. and Balakrishnan, N.},
  volume    = {1},
  edition   = {2nd},
  isbn      = {0-471-58495-9},
}

@Book{LinBai2010,
  title     = {Probability Inequalities},
  publisher = {Springer},
  year      = {2010},
  author    = {Lin, Z. and Bai, Z.},
}

@Booklet{Artin1964,
  title        = {The Gamma function},
  author       = {Emil Artin},
  howpublished = {Athena Series - Selected topics in mathematics},
  year         = {1964},
  url          = {http://plouffe.fr/simon/math/Artin%20E.%20The%20Gamma%20Function%20(1931)(23s).pdf},
}

@Article{Mackowiak1992,
  author  = {Mackowiak, P. A. and Wasserman, S. S. and Levine, M. M.},
  title   = {A Critical Appraisal of 98.6 Degrees F, the Upper Limit of the Normal Body Temperature, and Other Legacies of Carl Reinhold August Wunderlich},
  journal = {Journal of the American Medical Association},
  year    = {1992},
  volume  = {268},
  pages   = {1578--1580},
}

@Article{Joanes1998,
  author  = {D. N. Joanes; C. A. Gill},
  title   = {Comparing measures of sample skewness and kurtosis},
  journal = {Journal of the Royal Statistical Society: Series D (The Statistician)},
  year    = {1998},
  volume  = {47},
  pages   = {183--189},
  doi     = {10.1111/1467-9884.00122},
  url     = {http://gen.lib.rus.ec/scimag/index.php?s=10.1111/1467-9884.00122},
}

@Article{Wilk1968,
  author  = {M. B. Wilk and R. Gnanadesikan},
  title   = {Probability Plotting Methods for the Analysis of Data},
  journal = {Biometrika},
  year    = {1968},
  volume  = {55},
  pages   = {1--17},
  doi     = {10.2307/2334448},
  url     = {http://gen.lib.rus.ec/scimag/index.php?s=10.2307/2334448},
}

@Article{ChenShapiro1995,
  author  = {Chen, Ling.; Shapiro, Samuel S.},
  title   = {An alernative test for normality based on normalized spacings},
  journal = {Journal of Statistical Computation and Simulation},
  year    = {1995},
  volume  = {53},
  pages   = {269--287},
  doi     = {10.1080/00949659508811711},
  url     = {http://gen.lib.rus.ec/scimag/index.php?s=10.1080/00949659508811711},
}

@Article{Royston1992,
  author  = {Patrick Royston},
  title   = {Approximating the Shapiro-Wilk W-test for non-normality},
  journal = {Statistics and Computing},
  year    = {1992},
  volume  = {2},
  pages   = {117--119},
  doi     = {10.1007/bf01891203},
  url     = {http://gen.lib.rus.ec/scimag/index.php?s=10.1007/bf01891203},
}

@Book{Thode2002,
  title     = {Testing for Normality},
  publisher = {MARCEL DEKKER, INC},
  year      = {2002},
  author    = {Henry C. Thode},
  series    = {STATISTICS: Textbooks and Monographs},
}

@Article{ShapiroWilk1965,
  author  = {Shapiro, S. S. and Wilk, M. B.},
  title   = {An analysis of variance test for normality (complete samples)},
  journal = {Biometrika},
  year    = {1965},
  volume  = {52},
  pages   = {591--611},
  doi     = {10.1093/biomet/52.3-4.591},
  url     = {http://gen.lib.rus.ec/scimag/index.php?s=10.1093/biomet/52.3-4.591},
}

@Article{ShapiroFrancia1972,
  author  = {Shapiro, S. S.; Francia, R. S.},
  title   = {An Approximate Analysis of Variance Test for Normality},
  journal = {Journal of the American Statistical Association},
  year    = {1972},
  volume  = {67},
  pages   = {215--216},
  doi     = {10.1080/01621459.1972.10481232},
  url     = {http://gen.lib.rus.ec/scimag/index.php?s=10.1080/01621459.1972.10481232},
}

@Article{RoystonSF1993,
  author  = {Patrick Royston},
  title   = {A pocket-calculator algorithm for the shapiro-francia test for non-normality: An application to medicine},
  journal = {Statistics in Medicine},
  year    = {1993},
  volume  = {12},
  pages   = {181--184},
  doi     = {10.1002/sim.4780120209},
  url     = {http://gen.lib.rus.ec/scimag/index.php?s=10.1002/sim.4780120209},
}

@Article{Romao2010,
  author  = {Romão, Xavier; Delgado, Raimundo; Costa, Aníbal},
  title   = {An empirical power comparison of univariate goodness-of-fit tests for normality},
  journal = {Journal of Statistical Computation and Simulation},
  year    = {2010},
  volume  = {80},
  pages   = {545--591},
  doi     = {10.1080/00949650902740824},
  url     = {http://gen.lib.rus.ec/scimag/index.php?s=10.1080/00949650902740824},
}

@Article{Lilliefors1967,
  author  = {Lilliefors, Hubert W.},
  title   = {On the Kolmogorov-Smirnov Test for Normality with Mean and Variance Unknown},
  journal = {Journal of the American Statistical Association},
  year    = {1967},
  volume  = {62},
  pages   = {399--402},
  doi     = {10.1080/01621459.1967.10482916},
  url     = {http://gen.lib.rus.ec/scimag/index.php?s=10.1080/01621459.1967.10482916},
}

@Book{Evans2000,
  title     = {Statistical Distributions},
  publisher = {Wiley-Interscience},
  year      = {2000},
  author    = {Merran Evans, Nicholas Hastings, Brian Peacock},
  series    = {Wiley Series in Probability and Statistics},
  url       = {http://gen.lib.rus.ec/book/index.php?md5=EED460A11523229329F6DA85E3FF7936},
}

@Article{Weiss1980,
  author  = {Weiss, Noel S.; Sayvetz, Tom A.},
  title   = {Incidence of Endometrial Cancer in Relation to the Use of Oral Contraceptives},
  journal = {Boston Medical and Surgical Journal},
  year    = {1980},
  volume  = {302},
  pages   = {551--554},
  doi     = {10.1056/NEJM198003063021004},
  url     = {http://gen.lib.rus.ec/scimag/index.php?s=10.1056/NEJM198003063021004},
}

@Article{Agresti2000,
  author  = {Agresti, Alan; Caffo, Brian},
  title   = {Simple and Effective Confidence Intervals for Proportions and Differences of Proportions Result from Adding Two Successes and Two Failures},
  journal = {The American Statistician},
  year    = {2000},
  volume  = {54},
  pages   = {280--288},
  doi     = {10.1080/00031305.2000.10474560},
  url     = {http://gen.lib.rus.ec/scimag/index.php?s=10.1080/00031305.2000.10474560},
}

@Book{Mehta1995,
  title  = {Exact tests},
  year   = {1995},
  author = {Cyrus R. Mehta and Nitin R. Patel},
  isbn   = {1568271085,9781568271088},
  url    = {http://gen.lib.rus.ec/book/index.php?md5=DDE1DF04691963EDA9F54E8942F48AA3},
}

@Comment{jabref-meta: databaseType:bibtex;}
